<?xml version="1.0" encoding="UTF-8"?><collection xmlns="http://www.loc.gov/MARC21/slim"><record><leader>00436nam--2200133-i-4500</leader><controlfield tag="001">000002206</controlfield><controlfield tag="002">20161230</controlfield><controlfield tag="005">20161230201024</controlfield><controlfield tag="008">060222s1000------------r-----000-0-eng-d</controlfield><datafield ind1=" " ind2=" " tag="100"><subfield code="a">Filip, Florin-gheorghe</subfield></datafield><datafield ind1=" " ind2=" " tag="245"><subfield code="a">Guran, marius</subfield></datafield><datafield ind1=" " ind2=" " tag="260"><subfield code="a">Sisteme Ierarhizate, In Timp Real, Cu Prelucrarea Distribuita A Datelor (Pdd). Prefata: Prof. Dr. Doc. Mihai Draganescu</subfield></datafield><datafield ind1=" " ind2=" " tag="490"><subfield code="a">Bucuresti, Editura Tehnica, 1986. 296 P</subfield></datafield><datafield ind1=" " ind2=" " tag="852"><subfield code="a">007:681.3</subfield></datafield></record></collection>